% Encoding: UTF-8

% Example --------------------------------------------------------------------

@misc{example,
  author = {John Doe},
  title  = {{Example Title}},
  year   = {2020},
  note   = {{Optional Note}},
  url    = {https://example.org/},
  urldate = {2020-08-30},
}

% Theoretical Background -----------------------------------------------------

@book{ai,
  author    = {Stuart Russell and Peter Norvig},
  title     = {{Artificial Intelligence: A Modern Approach}},
  publisher = {Prentice Hall},
  year      = {2009},
  address   = {Englewood Cliffs, NJ},
  edition   = 3,
}

@book{deeplearningbook,
  author    = {Ian Goodfellow and Yoshua Bengio and Aaron Courville},
  title     = {{Deep Learning}},
  publisher = {MIT Press},
  year      = {2016},
}

@misc{nn,
  author    = {David Kriesel},
  title     = {{A Brief Introduction to Neural Networks}},
  year      = {2007},
  url      =  {http://www.dkriesel.com},
}

@misc{relu,
  author    = {Jason Brownlee},
  title     = {{A Brief Introduction to Neural Networks}},
  day       = {9},
  month     = {1},
  year      = {2019},
  url       = {https://machinelearningmastery.com/rectified-linear-activation-function-for-deep-learning-neural-networks/},
  urldate   = {2020-08-30},
}


@misc{cnn_fc,
  author    = {Sumit Saha},
  title     = {{A Comprehensive Guide to Convolutional Neural Networks — the ELI5 way}},
  day       = {15},
  month     = {12},
  year      = {2018},
  url       = {https://towardsdatascience.com/a-comprehensive-guide-to-convolutional-neural-networks-the-eli5-way-3bd2b1164a53},
  urldate   = {2020-08-30},
}


% Training -------------------------------------------------------------------

@misc{training_noise,
  author    = {Jason Brownlee},
  title     = {{Train Neural Networks With Noise to Reduce Overfitting}},
  day       = {12},
  month     = {12},
  year      = {2018},
  url       = {https://machinelearningmastery.com/train-neural-networks-with-noise-to-reduce-overfitting/},
  urldate   = {2020-08-30},
}

@misc{training_imbalanced,
  author    = {Jason Brownlee},
  title     = {{8 Tactics to Combat Imbalanced Classes in Your Machine Learning Dataset}},
  day       = {19},
  month     = {8},
  year      = {2015},
  url       = {https://machinelearningmastery.com/tactics-to-combat-imbalanced-classes-in-your-machine-learning-dataset/},
  urldate   = {2020-08-30},
}

@misc{training_data_augmentation,
  author    = {Connor Shorten and Taghi M. Khoshgoftaar},
  title     = {{A survey on Image Data Augmentation for Deep Learning}},
  day       = {6},
  month     = {7},
  year      = {2019},
  url       = {https://link.springer.com/content/pdf/10.1186/s40537-019-0197-0.pdf},
  urldate   = {2020-08-30},
}

@misc{training_numpy,
  author    = {NumPy},
  title     = {{What is NumPy?}},
  day       = {29},
  month     = {6},
  year      = {2020},
  url       = {https://numpy.org/doc/stable/user/whatisnumpy.html},
  urldate   = {2020-08-30},
}

@misc{training_opencv_intro,
  author    = {OpenCV},
  title     = {{Introduction}},
  day       = {29},
  month     = {8},
  year      = {2018},
  url       = {https://docs.opencv.org/3.4.3/d1/dfb/intro.html},
  urldate   = {2020-08-30},
}

% https://www.atlantis-press.com/proceedings/iccsee-13/4822
@misc{training_interpolation,
  author    = {Dianyuan Han},
  title     = {{Comparison of Commonly Used Image Interpolation Methods}},
  month     = {3},
  year      = {2013},
  url       = {https://doi.org/10.2991/iccsee.2013.391},
  urldate   = {2020-08-30},
}

% https://docs.opencv.org/3.4.3/da/d54/group__imgproc__transform.html#ga47a974309e9102f5f08231edc7e7529d
@misc{training_opencv_resize,
  author    = {OpenCV},
  title     = {{Geometric Image Transformations}},
  day       = {29},
  month     = {8},
  year      = {2018},
  url       = {https://docs.opencv.org/3.4.3/da/d54/group__imgproc__transform.html},
  urldate   = {2020-08-30},
}

@misc{training_numpy_sum,
  author    = {NumPy},
  title     = {{numpy.sum}},
  day       = {29},
  month     = {6},
  year      = {2020},
  url       = {https://numpy.org/doc/stable/reference/generated/numpy.sum.html},
  urldate   = {2020-08-30},
}

@misc{training_numpy_clip,
  author    = {NumPy},
  title     = {{numpy.clip}},
  day       = {29},
  month     = {6},
  year      = {2020},
  url       = {https://numpy.org/doc/stable/reference/generated/numpy.clip.html},
  urldate   = {2020-08-30},
}

% https://docs.opencv.org/3.4.3/d2/de8/group__core__array.html#gaca7be533e3dac7feb70fc60635adf441
@misc{training_opencv_flip,
  author    = {OpenCV},
  title     = {{Operations on arrays}},
  day       = {29},
  month     = {8},
  year      = {2018},
  url       = {https://docs.opencv.org/3.4.3/d2/de8/group__core__array.html},
  urldate   = {2020-08-30},
}

@misc{training_datasets,
  author    = {Jason Brownlee},
  title     = {{What is the Difference Between Test and Validation Datasets?}},
  day       = {14},
  month     = {7},
  year      = {2017},
  url       = {https://machinelearningmastery.com/difference-test-validation-datasets/},
  urldate   = {2020-08-30},
}

@misc{training_numpy_format,
  author    = {NumPy},
  title     = {{numpy.lib.format}},
  day       = {29},
  month     = {6},
  year      = {2020},
  url       = {https://numpy.org/doc/stable/reference/generated/numpy.lib.format.html},
  urldate   = {2020-08-30},
}

@misc{training_numpy_npy,
  author    = {Tirthajyoti Sarkar},
  title     = {{Why you should start using .npy file more often…}},
  day       = {20},
  month     = {3},
  year      = {2018},
  url       = {https://towardsdatascience.com/why-you-should-start-using-npy-file-more-often-df2a13cc0161},
  urldate   = {2020-08-30},
}

% --------- arch --------


@misc{training_arch_design,
  author    = {Leo Isikdogan},
  title     = {{How to Design a Convolutional Neural Network}},
  day       = {20},
  month     = {2},
  year      = {2018},
  url       = {http://www.isikdogan.com/blog/how-to-design-a-convolutional-neural-network.html},
  urldate   = {2020-08-30},
}

@misc{training_arch_hyper,
  author    = {Shashank Ramesh},
  title     = {{A guide to an efficient way to build neural network architectures- Part II: Hyper-parameter selection and tuning for Convolutional Neural Networks using Hyperas on Fashion-MNIST}},
  day       = {7},
  month     = {5},
  year      = {2018},
  url       = {https://towardsdatascience.com/a-guide-to-an-efficient-way-to-build-neural-network-architectures-part-ii-hyper-parameter-42efca01e5d7},
  urldate   = {2020-08-30},
}

@misc{training_arch_keras,
  author    = {Keras},
  title     = {{Keras Applications}},
  url       = {https://keras.io/api/applications/},
  urldate   = {2020-08-30},
}

@software{training_arch_plot,
  author    = {Haris Iqbal},
  title     = {HarisIqbal88/PlotNeuralNet v1.0.0},
  month     = {12},
  year      = {2018},
  publisher = {Zenodo},
  version   = {v1.0.0},
  doi       = {10.5281/zenodo.2526396},
  url       = {https://doi.org/10.5281/zenodo.2526396}
}


@misc{training_arch_tf_keras,
  author    = {TensorFlow},
  title     = {{Module: tf.keras}},
  day       = {21},
  month     = {8},
  year      = {2020},
  url       = {https://www.tensorflow.org/versions/r2.2/api_docs/python/tf/keras},
  urldate   = {2020-08-30},
}


@misc{training_arch_tf_keras_seq,
  author    = {TensorFlow},
  title     = {{The Sequential model}},
  day       = {14},
  month     = {8},
  year      = {2020},
  url       = {https://www.tensorflow.org/guide/keras/sequential_model},
  urldate   = {2020-08-30},
}

% --------- training --------

@misc{training_train_scaling,
  author    = {Jason Brownlee},
  title     = {{How to Manually Scale Image Pixel Data for Deep Learning}},
  day       = {25},
  month     = {3},
  year      = {2019},
  url       = {https://machinelearningmastery.com/how-to-manually-scale-image-pixel-data-for-deep-learning/},
  urldate   = {2020-08-30},
}

@misc{training_arch_tf_keras_sequence,
  author    = {TensorFlow},
  title     = {{tf.keras.utils.Sequence}},
  day       = {21},
  month     = {8},
  year      = {2020},
  url       = {https://www.tensorflow.org/versions/r2.2/api_docs/python/tf/keras/utils/Sequence},
  urldate   = {2020-08-30},
}

@misc{training_arch_tf_keras_sequential,
  author    = {TensorFlow},
  title     = {{tf.keras.Sequential}},
  day       = {21},
  month     = {8},
  year      = {2020},
  url       = {https://www.tensorflow.org/versions/r2.2/api_docs/python/tf/keras/Sequential},
  urldate   = {2020-08-30},
}

@misc{training_arch_adam,
  author    = {Diederik P. Kingma and Jimmy Ba},
  title     = {{Adam: A Method for Stochastic Optimization}},
  year      = {2014},
  url       = {https://arxiv.org/pdf/1412.6980.pdf},
  urldate   = {2020-08-30},
}

@misc{training_train_entropy,
  author    = {Naoki Shibuya},
  title     = {{Cross-Entropy Demystified}},
  day       = {28},
  month     = {10},
  year      = {2018},
  url       = {https://medium.com/activating-robotic-minds/demystifying-cross-entropy-e80e3ad54a8},
  urldate   = {2020-08-30},
}

@misc{training_train_tf_keras_crossentropy,
  author    = {TensorFlow},
  title     = {{tf.keras.losses.SparseCategoricalCrossentropy}},
  day       = {21},
  month     = {8},
  year      = {2020},
  url       = {https://www.tensorflow.org/versions/r2.2/api_docs/python/tf/keras/losses/SparseCategoricalCrossentropy},
  urldate   = {2020-08-30},
}

@misc{training_train_nvidia,
  author    = {Nvidia},
  title     = {{CUDA GPUs}},
  url       = {https://developer.nvidia.com/cuda-gpus},
  urldate   = {2020-08-30},
}

@misc{training_train_tf_keras_saving_loading,
  author    = {TensorFlow},
  title     = {{Save and load Keras models}},
  day       = {21},
  month     = {8},
  year      = {2020},
  url       = {https://www.tensorflow.org/guide/keras/save_and_serialize},
  urldate   = {2020-08-30},
}

@misc{training_train_frozen,
  author    = {Lei Mao},
  title     = {{Save, Load and Inference From TensorFlow 2.x Frozen Graph}},
  day       = {9},
  month     = {1},
  year      = {2020},
  url       = {https://leimao.github.io/blog/Save-Load-Inference-From-TF2-Frozen-Graph/},
  urldate   = {2020-08-30},
}


% Inference ------------------------------------------------------------------


@misc{inf_enum,
  author    = {Python},
  title     = {{enum — Support for enumerations}},
  day       = {31},
  month     = {8},
  year      = {2020},
  url       = {https://docs.python.org/3/library/enum.html},
  urldate   = {2020-08-30},
}

@misc{inf_pysimplegui,
  author    = {Mike Driscoll},
  title     = {{PySimpleGUI: The Simple Way to Create a GUI With Python}},
  day       = {17},
  month     = {6},
  year      = {2020},
  url       = {https://realpython.com/pysimplegui-python/},
  urldate   = {2020-08-30},
}

@misc{inf_tkinter,
  author    = {Python},
  title     = {{tkinter — Python interface to Tcl/Tk}},
  day       = {31},
  month     = {8},
  year      = {2020},
  url       = {https://docs.python.org/3/library/tkinter.html},
  urldate   = {2020-08-30},
}


@misc{inf_matplotlib,
  author    = {Matplotlib},
  title     = {{Documentation}},
  day       = {5},
  month     = {1},
  year      = {2020},
  url       = {https://matplotlib.org/3.1.1/index.html},
  urldate   = {2020-08-30},
}

@misc{inf_pysimplegui_ref,
  author    = {PySimpleGUI},
  title     = {{Element and Function Call Reference}},
  url       = {https://pysimplegui.readthedocs.io/en/latest/call%20reference/},
  urldate   = {2020-08-30},
}

@misc{inf_pysimplegui_widget,
  author    = {PySimpleGUI},
  title     = {{Widget Access}},
  url       = {https://pysimplegui.readthedocs.io/en/latest/#widget-access},
  urldate   = {2020-08-30},
}

@misc{inf_github_dpu_pynq,
  author    = {Xilinx},
  title     = {{DPU-PYNQ}},
  url       = {https://github.com/Xilinx/DPU-PYNQ},
  urldate   = {2020-08-30},
}

@misc{inf_ctypes,
  author    = {Python},
  title     = {{ctypes — A foreign function library for Python}},
  day       = {31},
  month     = {8},
  year      = {2020},
  url       = {https://docs.python.org/3/library/ctypes.html},
  urldate   = {2020-08-30},
}

@misc{inf_gil,
  author    = {A. Jesse},
  title     = {{Grok the GIL: How to write fast and thread-safe Python}},
  day       = {18},
  month     = {4},
  year      = {2017},
  url       = {https://opensource.com/article/17/4/grok-gil},
  urldate   = {2020-08-30},
}

@misc{inf_threading,
  author    = {Python},
  title     = {{threading — Thread-based parallelism}},
  day       = {31},
  month     = {8},
  year      = {2020},
  url       = {https://docs.python.org/3/library/threading.html},
  urldate   = {2020-08-30},
}

@misc{inf_multiprocessing,
  author    = {Python},
  title     = {{multiprocessing — Process-based parallelism}},
  day       = {31},
  month     = {8},
  year      = {2020},
  url       = {https://docs.python.org/3/library/multiprocessing.html},
  urldate   = {2020-08-30},
}

@misc{inf_parallelism,
  author    = {G. Abhisek},
  title     = {{Concurrency, Parallelism, Threads, Processes, Async, and Sync — Related?}},
  day       = {29},
  month     = {12},
  year      = {2018},
  url       = {https://medium.com/swift-india/concurrency-parallelism-threads-processes-async-and-sync-related-39fd951bc61d},
  urldate   = {2020-08-30},
}

@misc{inf_ctypes_gil,
  author    = {Python},
  title     = {{16.17. ctypes — A foreign function library for Python}},
  day       = {19},
  month     = {9},
  year      = {2017},
  url       = {https://docs.python.org/3.3/library/ctypes.html},
  urldate   = {2020-08-30},
}

% https://docs.opencv.org/3.4.3/d7/d1b/group__imgproc__misc.html#ga397ae87e1288a81d2363b61574eb8cab
@misc{inf_opencv_color,
  author    = {OpenCV},
  title     = {{Miscellaneous Image Transformations}},
  day       = {29},
  month     = {8},
  year      = {2018},
  url       = {https://docs.opencv.org/3.4.3/d7/d1b/group__imgproc__misc.html},
  urldate   = {2020-08-30},
}

@misc{inf_softmax,
  author    = {Haihan Lan},
  title     = {{The Softmax Function, Neural Net Outputs as Probabilities, and Ensemble Classifiers}},
  day       = {13},
  month     = {11},
  year      = {2017},
  url       = {https://towardsdatascience.com/the-softmax-function-neural-net-outputs-as-probabilities-and-ensemble-classifiers-9bd94d75932},
  urldate   = {2020-08-30},
}

@misc{inf_numpy_matmul,
  author    = {NumPy},
  title     = {{numpy.matmul}},
  day       = {29},
  month     = {6},
  year      = {2020},
  url       = {https://numpy.org/doc/stable/reference/generated/numpy.matmul.html},
  urldate   = {2020-08-30},
}

@misc{inf_percentage,
  author    = {Joao Ferreira},
  title     = {{Getting 100\% with rounded percentages}},
  day       = {13},
  month     = {11},
  year      = {2017},
  url       = {https://revs.runtime-revolution.com/getting-100-with-rounded-percentages-273ffa70252b},
  urldate   = {2020-08-30},
}

@misc{inf_numpy_unique,
  author    = {NumPy},
  title     = {{numpy.unique}},
  day       = {29},
  month     = {6},
  year      = {2020},
  url       = {https://numpy.org/doc/stable/reference/generated/numpy.unique.html},
  urldate   = {2020-08-30},
}



% Embedded System ------------------------------------------------------------

@misc{mpsoc_memory,
  author = {Ayoosh Bansal},
  title  = {{Evaluating the Memory Subsystem of a Configurable Heterogeneous MPSoC}},
  year   = {2018},
  url    = {http://cs-people.bu.edu/rmancuso/files/papers/mpsoc_mem_OSPERT18.pdf},
  urldate = {2020-08-30},
}

@misc{arm_mali,
  author = {ARM},
  title  = {{Mali-400 GPU}},
  year   = {2020},
  url    = {https://developer.arm.com/ip-products/graphics-and-multimedia/mali-gpus/mali-400-gpu},
  urldate = {2020-08-30},
}

@misc{avnet_pynq_github,
  author = {Avnet},
  title  = {{Ultra96-PYNQ}},
  year   = {2020},
  url    = {https://github.com/Avnet/Ultra96-PYNQ},
  urldate = {2020-08-30},
}

@misc{vitis_user_guide,
  author = {Xilinx},
  title  = {{Vitis Unified Software Platform Documentation}},
  day    = {18},
  month  = {12},
  year   = {2019},
  url    = {https://www.xilinx.com/support/documentation/sw_manuals/xilinx2019_2/ug1393-vitis-application-acceleration.pdf},
  urldate = {2020-08-30},
}

@misc{petalinux_user_guide,
  author = {Xilinx},
  title  = {{Petalinux Reference Guide}},
  day    = {30},
  month  = {10},
  year   = {2019},
  url    = {https://www.xilinx.com/support/documentation/sw_manuals/xilinx2019_2/ug1144-petalinux-tools-reference-guide.pdf},
  urldate = {2020-08-30},
}

@misc{petalinux_commandline_guide,
  author = {Xilinx},
  title  = {{Petalinux Command Line Reference Guide}},
  day    = {30},
  month  = {10},
  year   = {2019},
  url    = {https://www.xilinx.com/support/documentation/sw_manuals/xilinx2019_2/ug1144-petalinux-tools-reference-guide.pdf},
  urldate = {2020-08-30},
}

@misc{vivado_user_guide,
  author = {Xilinx},
  title  = {{Vivado Design Suite User Guide}},
  day    = {30},
  month  = {10},
  year   = {2019},
  url    = {https://www.xilinx.com/support/documentation/sw_manuals/xilinx2019_2/ug1157-petalinux-tools-command-line-guide.pdf},
  urldate = {2020-08-30},
}

@misc{vitis_ai_user_guide,
  author = {Xilinx},
  title  = {{Vitis AI User Guide}},
  day    = {18},
  month  = {12},
  year   = {2019},
  url    = {https://www.xilinx.com/support/documentation/sw_manuals/vitis_ai/1_0/ug1414-vitis-ai.pdf},
  urldate = {2020-08-30},
}

@misc{xilinx_tools_digikey,
  author = {Clive Maxfield},
  title  = {{Getting Started with Xilinx FPGAs}},
  day    = {1},
  month  = {4},
  year   = {2020},
  url    = {https://www.digikey.com/en/articles/fundamentals-of-fpgas-part-4-getting-started-with-xilinx-fpgas},
  urldate = {2020-08-30},
}

@misc{xrt_overview,
  author = {Xilinx},
  title  = {{Xilinx® Runtime (XRT) Architecture}},
  day    = {12},
  month  = {8},
  year   = {2020},
  url    = {https://xilinx.github.io/XRT/master/html/index.html},
  urldate = {2020-08-30},
}

@misc{xilinx_wiki_boot,
  author = {Xilinx},
  title  = {{Prepare boot image}},
  day    = {21},
  month  = {4},
  year   = {2020},
  url    = {https://xilinx-wiki.atlassian.net/wiki/spaces/A/pages/18841976/Prepare+boot+image},
  urldate = {2020-08-30},
}

@misc{xilinx_wiki_uboot,
  author = {Xilinx},
  title  = {{U-Boot Images}},
  day    = {22},
  month  = {10},
  year   = {2019},
  url    = {https://xilinx-wiki.atlassian.net/wiki/spaces/A/pages/18842374/U-Boot+Images},
  urldate = {2020-08-30},
}

@misc{systemd,
  author = {man7},
  title  = {{systemd(1) — Linux manual page}},
  day    = {13},
  month  = {8},
  year   = {2020},
  url    = {https://www.man7.org/linux/man-pages/man1/systemd.1.html},
  urldate = {2020-08-30},
}

@misc{pynq_intro,
  author = {Xilinx},
  title  = {{PYNQ Introduction}},
  year   = {2018},
  url    = {https://pynq.readthedocs.io/en/v2.5.1/},
  urldate = {2020-08-30},
}

@misc{petalinux_2019_1_release_notes,
  author = {Xilinx},
  title  = {{PetaLinux 2019.1 - Product Update Release Notes and Known Issues}},
  day    = {9},
  month  = {2},
  year   = {2019},
  url    = {https://www.xilinx.com/support/answers/72293.html},
  urldate = {2020-08-30},
}

@misc{pynq_presentation,
  author = {Xilinx},
  title  = {{PYNQ}},
  year   = {2019},
  url    = {https://www.xilinx.com/publications/events/xtd/05_Xilinx_Pynq_framework_to_support_Python_and_IIOT.pdf},
  urldate = {2020-08-30},
}

@misc{baumer_prog_guide,
  author = {Baumer},
  title  = {{Digital industrial cameras}},
  year   = {2020},
  url    = {https://www.baumer.com/medias/__secure__/Baumer_Digital-Industrial-Cameras_EN_20200514_BR_11228587.pdf?mediaPK=8828642721822},
  urldate = {2020-08-30},
}

@misc{pynq_overlays,
  author = {Xilinx},
  title  = {{PYNQ Overlays}},
  year   = {2018},
  url    = {https://pynq.readthedocs.io/en/v2.5.1/pynq_overlays.html},
  urldate = {2020-08-30},
}

@misc{dpu_product_guide,
  author = {Xilinx},
  title  = {{Zynq DPU v3.1}},
  day    = {2},
  month  = {12},
  year   = {2019},
  url    = {https://www.xilinx.com/support/documentation/ip_documentation/dpu/v3_1/pg338-dpu.pdf},
  urldate = {2020-08-30},
}

@misc{pmic_issue,
  author = {ctammann},
  title  = {{Infineon PMIC updates to Avnet products}},
  day    = {23},
  month  = {1},
  year   = {2020},
  url    = {https://www.element14.com/community/groups/power-management/blog/2020/01/23/infineon-pmic-updates-to-avnet-products},
  urldate = {2020-08-30},
}

@misc{docker_overview,
  author = {Docker},
  title  = {{Docker overview}},
  year   = {2020},
  url    = {https://docs.docker.com/get-started/overview/},
  urldate = {2020-08-30},
}

@misc{pruning_overview,
  author = {Xilinx},
  title  = {{Pruning Overview}},
  day    = {6},
  month  = {7},
  year   = {2020},
  url    = {https://www.xilinx.com/html_docs/vitis_ai/1_2/emj1565640989973.html},
  urldate = {2020-08-30},
}

@misc{dpu_product_guide_v3_2,
  author = {Xilinx},
  title  = {{Zynq DPU v3.2}},
  day    = {7},
  month  = {7},
  year   = {2020},
  url    = {https://www.xilinx.com/support/documentation/ip_documentation/dpu/v3_2/pg338-dpu.pdf},
  urldate = {2020-08-30},
}

% Hardware -------------------------------------------------------------------

@Misc{baumer_lense,
  author = {Baumer},
  title  = {{ZVL-FL-HC0614-2M}},
  year   = {2020},
  url    = {https://www.baumer.com/ch/en/product-overview/industrial-cameras-image-processing/accessories-image-processing/lenses/zvl-fl-hc0614-2m/p/24320},
  urldate = {2020-08-30},
}

@Misc{speed_baseball,
  author = {Christian Riedel},
  title  = {{Die schnellste Sportart der Welt}},
  year   = {2013},
  url    = {https://www.netzathleten.de/lifestyle/sports-inside/item/3523-die-schnellste-sportart-der-welt-temporekorde-im-sport},
  urldate = {2020-08-30},
}

@Misc{baumer_cam,
  author = {Baumer},
  title  = {{VCXU-13C}},
  year   = {2019},
  url    = {https://www.baumer.com/ch/de/produktubersicht/industriekameras-bildverarbeitung/industriekameras/cx-serie/usb-3-0-schnittstelle/vcxu-13c/p/medias/__secure__/Baumer_VCXU-13C_EN_20191127_DS.pdf?mediaPK=8988994994206},
  urldate = {2020-08-30},
}

@Misc{stemmer_datasheet,
  author = {Stemmer},
  title  = {{Datasheet LHF300 Series}},
  year   = {2006},
  url    = {https://www.stemmer-imaging.com/media/uploads/illumination/smart-vision-lights/en/en-Smart-Vision-Lights-LHF300-series-Linear-Light-Fluorescent-Replacement-BSVL44-201505.pdf},
  urldate = {2020-08-30},
}

@Misc{acceleration_xilinx,
  author = {Xilinx},
  title  = {{AI Inference Acceleration}},
  year   = {2020},
  url    = {https://www.xilinx.com/applications/megatrends/machine-learning.html#why},
  urldate = {2020-08-30},
}

@Misc{ai_resources_xilinx,
  author = {Xilinx},
  title  = {{Edge AI Resources}},
  year   = {2020},
  url    = {https://www.xilinx.com/products/design-tools/ai-inference/ai-developer-hub.html#edge},
  urldate = {2020-08-30},
}

@Misc{xilinx_zynq,
  author = {Xilinx},
  title  = {{Zynq UltraScale+ MPSoC}},
  year   = {2018},
  url    = {https://www.xilinx.com/support/documentation/selection-guides/zynq-ultrascale-plus-product-selection-guide.pdf},
  urldate = {2020-08-30},
}

@Misc{avnet_ultra96v2,
  author = {Avnet},
  title  = {{Ultra96-V2 Development Board}},
  year   = {2018},
  url    = {http://zedboard.org/product/ultra96-v2-development-board},
  urldate = {2020-08-30},
}

% Introduction ---------------------------------------------------------------

@Misc{tesla_self_driving_cars,
  author = {Tesla},
  title  = {{Future of Drivingd}},
  year   = {2020},
  url    = {https://www.tesla.com/autopilot?redirect=no},
  urldate = {2020-08-30},
}

@Misc{tensorflow_main,
  author = {Tensorflow},
  title  = {{An end-to-end open source machine learning platform}},
  year   = {2020},
  url    = {https://www.tensorflow.org/},
  urldate = {2020-08-30},
}

@Comment{jabref-meta: databaseType:bibtex;}
